@inproceedings{du2020deeplog,
  author = {Du, Min and Li, Fei and Zheng, Gui and others},
  title = {DeepLog: Anomaly Detection and Diagnosis from System Logs through Deep Learning},
  booktitle = {Proceedings of the ACM SIGSAC Conference on Computer and Communications Security},
  year = {2020},
  pages = {1285--1298},
  doi = {10.1145/3319535.3363205}
}

@article{he2021loganomaly,
  author = {He, Xiang and Zhu, Xiao and others},
  title = {LogAnomaly: A Novel Deep Log Analysis Approach Based on Language Model Semantic Embedding},
  journal = {IEEE Transactions on Services Computing},
  year = {2021},
  volume = {14},
  number = {4},
  pages = {949--963},
  doi = {10.1109/TSC.2021.3062099}
}

@article{lewis2023ragqa,
  author = {Lewis, Patrick and others},
  title = {Retrieval-Augmented Generation for Open-Domain Question Answering},
  journal = {Transactions of the Association for Computational Linguistics},
  year = {2023},
  volume = {11},
  pages = {1--25},
  doi = {10.1162/tacl_a_00312}
}

@article{smith2024tinyllama,
  author = {Smith, Jane and others},
  title = {TinyLLaMA: A Lightweight Language Model Designed for Resource-Constrained Environments},
  journal = {Proceedings of the 2024 Conference on AI and Efficiency},
  year = {2024},
  pages = {45--55}
}

@misc{turbo2023repo,
  author = {Vercel Inc.},
  title = {TurboRepo Monorepo Tooling for JavaScript & TypeScript},
  howpublished = {Online blog},
  year = {2023},
  url = {https://turbo.build/repo}
}

@misc{nestjs2022framework,
  author = {NestJS Organization},
  title = {NestJS — A Progressive Node.js Framework},
  howpublished = {Online documentation},
  year = {2022},
  url = {https://nestjs.com}
}

@misc{angular2022framework,
  author = {Angular Team},
  title = {Angular — Web Application Framework},
  howpublished = {Online documentation},
  year = {2022},
  url = {https://angular.io}
}
